<record><leader>00000cas a22000007a 4500</leader><controlfield tag="001">12737649</controlfield><controlfield tag="008">851030d18281830ncuwr ne      0    0eng d</controlfield><datafield ind1=" " ind2=" " tag="010"><subfield code="a">sn 85026915 </subfield></datafield><datafield ind1=" " ind2=" " tag="040"><subfield code="a">NPX</subfield><subfield code="b">eng</subfield><subfield code="c">NPX</subfield><subfield code="d">OCLCQ</subfield></datafield><datafield ind1=" " ind2=" " tag="042"><subfield code="a">msc</subfield></datafield><datafield ind1="0" ind2="0" tag="245"><subfield code="a">Freeman's echo.</subfield></datafield><datafield ind1=" " ind2=" " tag="260"><subfield code="a">Washington, N.C. :</subfield><subfield code="b">Henry D. Machen</subfield></datafield><datafield ind1=" " ind2=" " tag="300"><subfield code="a">v.</subfield></datafield><datafield ind1=" " ind2=" " tag="310"><subfield code="a">Weekly</subfield></datafield><datafield ind1="1" ind2=" " tag="362"><subfield code="a">Began with Apr. 4, 1828 issue; ceased in 1830.</subfield><subfield code="z">Cf. McFarland, d. M. "N.C. newspapers, editors and journalistic politics, 1815-1835." N.C. historical review 30(1953): 376-414.</subfield></datafield><datafield ind1=" " ind2=" " tag="580"><subfield code="a">Continues: Washington herald (Washington, N.C.). Cf. McFarland, D.M. "N.C. newspapers, editors and journalistic politics, 1815-1835." N.C. historical review 30(1953): 376-414.</subfield></datafield><datafield ind1=" " ind2=" " tag="580"><subfield code="a">Continued by: Washington times (Washington, N.C.) (non-extant?). Cf. McFarland, D.M. "N.C. newspapers, editors and journalistic politics, 1815-1835." N.C. historical review 30(1953): 376-414.</subfield></datafield><datafield ind1=" " ind2=" " tag="588"><subfield code="a">Description based on: Vol. 1, no. 51 (July 11, 1829).</subfield></datafield><datafield ind1=" " ind2=" " tag="752"><subfield code="a">United States</subfield><subfield code="b">North Carolina</subfield><subfield code="c">Beaufort</subfield><subfield code="d">Washington.</subfield></datafield><datafield ind1="1" ind2="0" tag="780"><subfield code="t">Washington herald (Washington, N.C.)</subfield></datafield><datafield ind1="1" ind2="0" tag="785"><subfield code="t">Washington times (Washington, N.C.)</subfield></datafield><datafield ind1="1" ind2=" " tag="029"><subfield code="a">AU@</subfield><subfield code="b">000025831613</subfield></datafield></record>